<record><leader>00000cas a2200000 a 4500</leader><controlfield tag="001">43715123</controlfield><controlfield tag="008">000327u1970uuuuiluuu ne      0   a0eng c</controlfield><datafield ind1=" " ind2=" " tag="010"><subfield code="a">sn 00062012 </subfield></datafield><datafield ind1=" " ind2=" " tag="040"><subfield code="a">CVF</subfield><subfield code="b">eng</subfield><subfield code="c">CVF</subfield><subfield code="d">OCLCQ</subfield><subfield code="d">NVF</subfield><subfield code="d">OCLCO</subfield><subfield code="d">NVF</subfield><subfield code="d">OCLCO</subfield></datafield><datafield ind1="1" ind2=" " tag="029"><subfield code="a">AU@</subfield><subfield code="b">000021431071</subfield></datafield><datafield ind1=" " ind2=" " tag="042"><subfield code="a">pcc</subfield></datafield><datafield ind1=" " ind2=" " tag="043"><subfield code="a">n-us-il</subfield></datafield><datafield ind1="0" ind2=" " tag="130"><subfield code="a">Alternative (Wilmette, Ill.)</subfield></datafield><datafield ind1="1" ind2="4" tag="245"><subfield code="a">The alternative.</subfield></datafield><datafield ind1=" " ind2=" " tag="260"><subfield code="a">Wilmette, Ill. :</subfield><subfield code="b">By the students of New Trier East,</subfield><subfield code="c">1970-</subfield></datafield><datafield ind1=" " ind2=" " tag="300"><subfield code="a">v.</subfield></datafield><datafield ind1=" " ind2=" " tag="588"><subfield code="a">Description based on: Oct. 16/30, 1970.</subfield></datafield><datafield ind1=" " ind2=" " tag="588"><subfield code="a">Latest issue consulted: Oct. 16/30, 1970.</subfield></datafield><datafield ind1=" " ind2="0" tag="650"><subfield code="a">New Trier High School (New Trier, Illinois)</subfield><subfield code="v">Newspapers.</subfield></datafield><datafield ind1=" " ind2="0" tag="650"><subfield code="a">High school students</subfield><subfield code="z">Illinois</subfield><subfield code="z">New Trier (Township)</subfield><subfield code="v">Newspapers.</subfield></datafield><datafield ind1=" " ind2="0" tag="651"><subfield code="a">New Trier (Ill. : Township)</subfield><subfield code="v">Newspapers.</subfield></datafield><datafield ind1=" " ind2=" " tag="752"><subfield code="a">United States</subfield><subfield code="b">Illinois</subfield><subfield code="c">Cook</subfield><subfield code="d">Wilmette.</subfield></datafield></record>